@inproceedings{wadler1995monads,
  title={Monads for functional programming},
  author={Wadler, Philip},
  booktitle={Advanced Functional Programming: First International Spring School on Advanced Functional Programming Techniques B{\aa}stad, Sweden, May 24--30, 1995 Tutorial Text 1},
  pages={24--52},
  year={1995},
  organization={Springer}
}

@inproceedings{murray2013sel4,
  title={seL4: from general purpose to a proof of information flow enforcement},
  author={Murray, Toby and Matichuk, Daniel and Brassil, Matthew and Gammie, Peter and Bourke, Timothy and Seefried, Sean and Lewis, Corey and Gao, Xin and Klein, Gerwin},
  booktitle={2013 IEEE Symposium on Security and Privacy},
  pages={415--429},
  year={2013},
  organization={IEEE}
}

@book{hopcroft1969formal,
  title={Formal languages and their relation to automata},
  author={Hopcroft, John E and Ullman, Jeffrey D},
  year={1969},
  publisher={Addison-Wesley Longman Publishing Co., Inc.}
}